@book{SCHIFF,
author =	"Antoine de Saint-Exupery ",
title =		"Die Stadt in der W端ste / Citadelle",
publisher =	"Karl Rauch Verlag",
year =		{2002},
}

@article{GUT,
author =	"Richard Gut and Peter Kreiert and George Moschytz",
title =		"Trellis-Based Deconvolution of Ultrasonic Echoes",
journal = 	"IEEE"
year =		"1991",
}

@article{PFLVOR,
title =		"Vorgabe f端r Pflichtenheft",
journal = 	"FHNW Hochschule f端r Technik"
year =		"2018",
}

@misc{MCP73811,
author = "Microchip Technology Inc",
title = "MCP73811/2",
url = "http://ww1.microchip.com/downloads/en/DeviceDoc/22036b.pdf"
year =	"2007",
}

Antoine de Saint-Exupery
Werk: Die Stadt in der W端ste / Citadelle
