@book{MEYER,
author =	"Martin Meyer",
title =		"Signalverarbeitung",
publisher =	"Springer Vieweg",
year =		"2013",
address =	"Wiesbaden",
}

@article{GUT,
author =	"Richard Gut and Peter Kreiert and George Moschytz",
title =		"Trellis-Based Deconvolution of Ultrasonic Echoes",
journal = 	"IEEE",
year =		"1991",
}

@article{PFLVOR,
title =		"Vorgabe für Pflichtenheft",
journal = 	"FHNW Hochschule für Technik",
year =		"2018",
}

@misc{TS4871,
author = "STMicroelectronics",
title = "TS4871",
url = "https://www.mouser.ch/datasheet/2/389/ts4871-957309.pdf",
year =	"2003",
}

@misc{MCP73811,
author = "Microchip Technology Inc",
title = "MCP73811/2",
url = "http://ww1.microchip.com/downloads/en/DeviceDoc/22036b.pdf",
year =	"2007",
}

@misc{WTV020,
author = "GUANGZHOU WAYTRONIC ELECTRONIC CO., LTD.",
title = "WTV020-SD MODULE",
url = "https://dlnmh9ip6v2uc.cloudfront.net/datasheets/Widgets/WT",
}

@misc{VUB300,
author = "elan",
title = "ES431-VUB300",
url = "http://www.saelig.com/supplier/elan/ES431-VUB300%20Datasheet-v14.pdf",
}

@misc{NRF52832,
author = "NORDIC SEMICONDUCTOR",
title = "nRF52832 - Product Specification v1.0",
url = "http://infocenter.nordicsemi.com/pdf/nRF52832_PS_v1.0.pdf",
}

@misc{TS3A27518E,
author = "Texas Instruments",
title = "TS3A27518E",
url = "http://www.ti.com/lit/ds/symlink/ts3a27518e.pdf",
year =	"2016",
}

@article{DOJO,
author =	"Jana Kalbermatter",
title =		"DOJO - GEHAEUSE",
year =		"2017",
}

@Misc{BLE_SPEC,
        title = {The Bluetooth Core Specification 5.0 Core Specification},
        year = 2016,
        mon = dec,
        note = {Version 5.0},
}
