@book{FHNWBEUGUNG,
author =		"Physikzentrum FHNW",
title =			"Theorie Beugung",
publisher =		"FHNW",
howpublished =		"geschlossene Quelle",
year =			"2011",
address =		"Brugg AG",
}

@book{LOOSER2013,
author =		"Herbert Looser",
title =			"Auswertung mit Computer",
publisher =		"FHNW",
howpublished =		"geschlossene Quelle",
year =			"2013",
address =		"Brugg AG",
}

@book{FHNWO9,
author =		"Herbert Looser",
title =			"O9 Interferenz und Beugung",
publisher =		"FHNW",
howpublished =		"geschlossene Quelle",
year =			"2014",
address =		"Brugg AG",
}

@book{FHNWO2,
author =		"Herbert Looser",
title =			"O2 Lichtgeschwindigkeit",
publisher =		"FHNW",
howpublished =		"geschlossene Quelle",
year =			"2015",
address =		"Brugg AG",
}

@book{KUCHLIN,
author =		"Horst Kuchlin",
title =			"Taschenbuch der Physik",
publisher =		"HANSER",
howpublished =		"geschlossene Quelle",
year =			"2014",
address =		"München DE",
}

@book{DOKU,
author =	"Kamber Marco",
title =		"Dokumentation der Anlage",
publisher =	"Siemens",
year =		{2015},
address =	"Reinach Schweiz ",
}

@misc{REGELT_SIE,
author =	"Siemens Schweiz AG",
title =		"Regeltechnik",
url = 		"https://w1.siemens.ch/buildingtechnologies/ch/de/service/know-how/Documents/Regeltechnik.pdf",
}

@article{GUT,
author =	"Richard Gut and Peter Kreiert and George Moschytz",
title =		"Trellis-Based Deconvolution of Ultrasonic Echoes",
journal = 	"IEEE"
year =		"1991",
}

@misc{SCHWARZ,
author =	"Christian Schwarzenegger",
title =		"Schwangerschaftsabbruch in der Spätphase –
Kriminologische und rechtsdogmatische Perspektiven",
url = 		"https://www.rwi.uzh.ch/dam/jcr:00000000-5624-ccd2-0000-000044a8bfdb/Schwarzenegger_Lebensbeginn_2011.pdf",
year = {2011}
}

@misc{LERN,
author =	"LERN HELFER",
title =		"Interferenz von Licht",
url =				"https://www.lernhelfer.de/schuelerlexikon/physik-abitur/artikel/interferenz-von-licht",
year =		"2010"
}
