@book{MEYER,
author =	"Martin Meyer",
title =		"Signalverarbeitung",
publisher =	"Springer Vieweg",
year =		{2013},
address =	"Wiesbaden",
}

@article{GUT,
author =	"Richard Gut and Peter Kreiert and George Moschytz",
title =		"Trellis-Based Deconvolution of Ultrasonic Echoes",
journal = 	"IEEE"
year =		"1991",
}
